@article{hardy2006combinatorics,
  title={Combinatorics of partial derivatives},
  author={Hardy, Michael},
  journal={Electron. J. Combin},
  volume={13},
  number={1},
  pages={13},
  year={2006}
}